@Article{Kiesel2018,
  author    = {Johannes Kiesel and Florian Kneist and Milad Alshomary and Benno Stein and Matthias Hagen and Martin Potthast},
  journal   = {Journal of Data and Information Quality},
  title     = {Reproducible Web Corpora},
  year      = {2018},
  month     = {dec},
  number    = {4},
  pages     = {1--25},
  volume    = {10},
  doi       = {10.1145/3239574},
  publisher = {Association for Computing Machinery ({ACM})},
}

@Article{vincze2014uncertainty,
  author  = {Vincze, Veronika},
  journal = {PhD, University of Szeged},
  title   = {Uncertainty detection in natural language texts},
  year    = {2014},
  volume  = {141},
}

@Comment{jabref-meta: databaseType:bibtex;}
